<record><leader>00000cas a22000007a 4500</leader><controlfield tag="001">14871841</controlfield><controlfield tag="008">861125d19481960iauwr ne      0    0eng d</controlfield><datafield ind1=" " ind2=" " tag="010"><subfield code="a">sn 86061181 </subfield></datafield><datafield ind1=" " ind2=" " tag="040"><subfield code="a">INP</subfield><subfield code="b">eng</subfield><subfield code="c">INP</subfield><subfield code="d">OCLCQ</subfield></datafield><datafield ind1=" " ind2=" " tag="042"><subfield code="a">msc</subfield></datafield><datafield ind1="0" ind2=" " tag="130"><subfield code="a">Dexter sentinel (Dexter, Iowa : 1948)</subfield></datafield><datafield ind1="1" ind2="4" tag="245"><subfield code="a">The Dexter sentinel.</subfield></datafield><datafield ind1=" " ind2=" " tag="260"><subfield code="a">Dexter, Dallas County, Iowa :</subfield><subfield code="b">L.S. Heins,</subfield><subfield code="c">1948-1960.</subfield></datafield><datafield ind1=" " ind2=" " tag="300"><subfield code="a">13 v. :</subfield><subfield code="b">ill.</subfield></datafield><datafield ind1=" " ind2=" " tag="310"><subfield code="a">Weekly</subfield></datafield><datafield ind1="0" ind2=" " tag="362"><subfield code="a">Vol. 1, no. 1 (Feb. 5, 1948)-v. 13, no. 44 (Nov. 3, 1960).</subfield></datafield><datafield ind1=" " ind2=" " tag="500"><subfield code="a">Publisher varies.</subfield></datafield><datafield ind1=" " ind2=" " tag="515"><subfield code="a">Vol. 9, no. 1 (Jan. 5, 1956) misdated Jan. 5, 1955.</subfield></datafield><datafield ind1=" " ind2=" " tag="752"><subfield code="a">United States</subfield><subfield code="b">Iowa</subfield><subfield code="c">Dallas</subfield><subfield code="d">Dexter.</subfield></datafield><datafield ind1="0" ind2="7" tag="785"><subfield code="t">Redfield review</subfield><subfield code="w">(DLC)sn 87057573</subfield></datafield><datafield ind1="0" ind2="7" tag="785"><subfield code="t">Dexfield review-sentinel</subfield><subfield code="w">(DLC)sn 87057190</subfield></datafield></record>